<?xml version="1.0" encoding="UTF-8"?>
<OAI-PMH xmlns="http://www.openarchives.org/OAI/2.0/" xmlns:xsi="http://www.w3.org/2001/XMLSchema-instance" xsi:schemaLocation="http://www.openarchives.org/OAI/2.0/ http://www.openarchives.org/OAI/2.0/OAI-PMH.xsd">
<ListRecords>
<record>
<header status="updated">
<identifier>urm_publish:71297474730002121</identifier>
</header>
<metadata>
<record xmlns="http://www.loc.gov/MARC21/slim" xmlns:xsi="http://www.w3.org/2001/XMLSchema-instance" xsi:schemaLocation="http://www.loc.gov/MARC21/slim http://www.loc.gov/standards/marcxml/schema/MARC21slim.xsd" ><leader>01425mam a22003978a 4500</leader><controlfield tag="005">20121022145612.0</controlfield><controlfield tag="008">920415s1992    bcca     b    000 0 eng d</controlfield><controlfield tag="001">999693798602121</controlfield><datafield tag="010" ind1=" " ind2=" "><subfield code="a">cn 92091309 </subfield></datafield><datafield tag="015" ind1=" " ind2=" "><subfield code="a">C92-91309-1</subfield></datafield><datafield tag="020" ind1=" " ind2=" "><subfield code="a">0919838162 :</subfield><subfield code="c">$50.00</subfield></datafield><datafield tag="035" ind1=" " ind2=" "><subfield code="a">(OCoLC)25870062</subfield></datafield><datafield tag="035" ind1=" " ind2=" "><subfield code="9">AQJ9294UW</subfield></datafield><datafield tag="035" ind1=" " ind2=" "><subfield code="a">(WU)2522308-uwmadisondb</subfield></datafield><datafield tag="040" ind1=" " ind2=" "><subfield code="a">CaBVAU</subfield><subfield code="b">eng</subfield><subfield code="c">NLC</subfield><subfield code="d">GZM</subfield></datafield><datafield tag="043" ind1=" " ind2=" "><subfield code="a">n-cn-bc</subfield></datafield><datafield tag="049" ind1=" " ind2=" "><subfield code="a">GZZM</subfield></datafield><datafield tag="055" ind1=" " ind2="3"><subfield code="a">HB1360*</subfield></datafield><datafield tag="082" ind1="0" ind2=" "><subfield code="a">304.6/4/097110223</subfield><subfield code="2">20</subfield></datafield><datafield tag="098" ind1="1" ind2="1"><subfield code="a">MC</subfield><subfield code="a">W5271</subfield><subfield code="a">G29</subfield><subfield code="a">v.26</subfield></datafield><datafield tag="245" ind1="0" ind2="4"><subfield code="a">The Geography of death :</subfield><subfield code="b">mortality atlas of British Columbia, 1985-1989 /</subfield><subfield code="c">[edited by Leslie T. Foster and Michael C.R. Edgell]</subfield></datafield><datafield tag="263" ind1=" " ind2=" "><subfield code="a">9206</subfield></datafield><datafield tag="264" ind1=" " ind2="1"><subfield code="a">[Victoria, B.C.] :</subfield><subfield code="b">University of Victoria,</subfield><subfield code="c">1992.</subfield></datafield><datafield tag="300" ind1=" " ind2=" "><subfield code="a">ix, 223 pages, :</subfield><subfield code="b">illustrations ;</subfield><subfield code="c">29 cm +</subfield><subfield code="e">1 user guide + 3 transparencies.</subfield></datafield><datafield tag="336" ind1=" " ind2=" "><subfield code="a">text</subfield><subfield code="b">txt</subfield><subfield code="2">rdacontent</subfield></datafield><datafield tag="337" ind1=" " ind2=" "><subfield code="a">unmediated</subfield><subfield code="b">n</subfield><subfield code="2">rdamedia</subfield></datafield><datafield tag="338" ind1=" " ind2=" "><subfield code="a">volume</subfield><subfield code="b">nc</subfield><subfield code="2">rdacarrier</subfield></datafield><datafield tag="490" ind1="1" ind2=" "><subfield code="a">Western geographical series,</subfield><subfield code="x">0315-2022 ;</subfield><subfield code="v">v. 26</subfield></datafield><datafield tag="504" ind1=" " ind2=" "><subfield code="a">Includes bibliographical references.</subfield></datafield><datafield tag="650" ind1=" " ind2="0"><subfield code="a">Mortality</subfield><subfield code="z">British Columbia</subfield><subfield code="v">Atlases.</subfield></datafield><datafield tag="650" ind1=" " ind2="0"><subfield code="a">Mortality</subfield><subfield code="z">British Columbia</subfield><subfield code="x">Statistics.</subfield><subfield code="2">LCSH</subfield><subfield code="0">41-LIBRARY_OF_CONGRESS-sh 85087372</subfield><subfield code="9">Y</subfield></datafield><datafield tag="700" ind1="1" ind2=" "><subfield code="a">Foster, Leslie T.,</subfield><subfield code="d">1947-</subfield><subfield code="2">LCNAMES</subfield><subfield code="0">41-LIBRARY_OF_CONGRESS-no 93003220</subfield><subfield code="9">Y</subfield></datafield><datafield tag="700" ind1="1" ind2=" "><subfield code="a">Edgell, Michael C. R.</subfield><subfield code="2">LCNAMES</subfield><subfield code="0">41-LIBRARY_OF_CONGRESS-nr 90022764</subfield><subfield code="9">Y</subfield></datafield><datafield tag="710" ind1="2" ind2=" "><subfield code="a">University of Victoria (B.C.).</subfield><subfield code="b">Department of Geography.</subfield><subfield code="2">LCNAMES</subfield><subfield code="0">41-LIBRARY_OF_CONGRESS-n  82065084</subfield><subfield code="9">Y</subfield></datafield><datafield tag="830" ind1=" " ind2="0"><subfield code="a">Western geographical series.</subfield><subfield code="x">0315-2022 ;</subfield><subfield code="v">v. 26.</subfield></datafield><datafield tag="997" ind1=" " ind2=" "><subfield code="a">MARCIVE</subfield></datafield><datafield tag="700" ind1="1" ind2=" "><subfield code="a">Foster, L. T.</subfield><subfield code="q">(Leslie Thomas),</subfield><subfield code="d">1947-</subfield><subfield code="2">LCNAMES</subfield><subfield code="0">41-LIBRARY_OF_CONGRESS-no 93003220</subfield><subfield code="9">N</subfield></datafield><datafield tag="650" ind1=" " ind2="0"><subfield code="w">nne</subfield><subfield code="a">Mortality, Law of</subfield><subfield code="2">LCSH</subfield><subfield code="0">41-LIBRARY_OF_CONGRESS-sh 85087372</subfield><subfield code="9">N</subfield></datafield><datafield tag="650" ind1=" " ind2="0"><subfield code="w">g</subfield><subfield code="a">Death</subfield><subfield code="2">LCSH</subfield><subfield code="0">41-LIBRARY_OF_CONGRESS-sh 85087372</subfield><subfield code="9">R</subfield></datafield><datafield tag="650" ind1=" " ind2="0"><subfield code="w">g</subfield><subfield code="a">Demography</subfield><subfield code="2">LCSH</subfield><subfield code="0">41-LIBRARY_OF_CONGRESS-sh 85087372</subfield><subfield code="9">R</subfield></datafield><datafield tag="650" ind1=" " ind2="0"><subfield code="a">Death (Biology)</subfield><subfield code="2">LCSH</subfield><subfield code="0">41-LIBRARY_OF_CONGRESS-sh 85087372</subfield><subfield code="9">R</subfield></datafield><datafield tag="710" ind1="2" ind2=" "><subfield code="w">nnea</subfield><subfield code="a">University of Victoria (B.C.).</subfield><subfield code="b">Dept. of Geography</subfield><subfield code="2">LCNAMES</subfield><subfield code="0">41-LIBRARY_OF_CONGRESS-n  82065084</subfield><subfield code="9">N</subfield></datafield><datafield tag="INST" ind1=" " ind2=" "><subfield code="a">01UWI_NETWORK</subfield><subfield code="b">P</subfield><subfield code="c">71297474730002121</subfield></datafield><datafield tag="INST" ind1=" " ind2=" "><subfield code="a">01UWI_MAD</subfield><subfield code="b">P</subfield><subfield code="c">21578005710002122</subfield></datafield><datafield tag="INST" ind1=" " ind2=" "><subfield code="a">01UWI_ML</subfield><subfield code="b">P</subfield><subfield code="c">21191684060002124</subfield></datafield><datafield tag="AVA" ind1=" " ind2=" "><subfield code="0">9925223083602122</subfield><subfield code="8">22854727900002122</subfield><subfield code="a">01UWI_MAD</subfield><subfield code="b">REMOTE</subfield><subfield code="c">by request only</subfield><subfield code="d">G1171 E24 G4 1992</subfield><subfield code="e">available</subfield><subfield code="f">1</subfield><subfield code="g">0</subfield><subfield code="j">vsf</subfield><subfield code="k">0</subfield><subfield code="p">1</subfield><subfield code="q">Verona Shelving Facility</subfield><subfield code="t">Main text + 1 user's guide + 3 transparencies</subfield></datafield><datafield tag="AVA" ind1=" " ind2=" "><subfield code="0">998420243402124</subfield><subfield code="8">22191684020002124</subfield><subfield code="a">01UWI_ML</subfield><subfield code="b">MIL</subfield><subfield code="c">American Geographical Society Library - Atlas</subfield><subfield code="d">At.160 C-1985-1989 1992</subfield><subfield code="e">available</subfield><subfield code="f">1</subfield><subfield code="g">0</subfield><subfield code="j">agsatlas</subfield><subfield code="k">8</subfield><subfield code="p">1</subfield><subfield code="q">UW Milwaukee</subfield></datafield><datafield tag="AVA" ind1=" " ind2=" "><subfield code="0">998420243402124</subfield><subfield code="8">22191684050002124</subfield><subfield code="a">01UWI_ML</subfield><subfield code="b">MIL</subfield><subfield code="c">Stacks</subfield><subfield code="d">HB1360 B8 G45x 1992</subfield><subfield code="e">available</subfield><subfield code="f">1</subfield><subfield code="g">0</subfield><subfield code="j">stk</subfield><subfield code="k">0</subfield><subfield code="p">2</subfield><subfield code="q">UW Milwaukee</subfield></datafield><datafield tag="MMS" ind1=" " ind2=" "><subfield code="b">999693798602121</subfield><subfield code="a">01UWI_NETWORK</subfield></datafield><datafield tag="MMS" ind1=" " ind2=" "><subfield code="b">9925223083602122</subfield><subfield code="a">01UWI_MAD</subfield></datafield><datafield tag="MMS" ind1=" " ind2=" "><subfield code="b">998420243402124</subfield><subfield code="a">01UWI_ML</subfield></datafield></record>
</metadata>
</record>
</ListRecords>
</OAI-PMH>